@ARTICLE{9732192,
  author={Su, Xing and Xue, Shan and Liu, Fanzhen and Wu, Jia and Yang, Jian and Zhou, Chuan and Hu, Wenbin and Paris, Cecile and Nepal, Surya and Jin, Di and Sheng, Quan Z. and Yu, Philip S.},
  journal={IEEE Transactions on Neural Networks and Learning Systems}, 
  title={A Comprehensive Survey on Community Detection With Deep Learning}, 
  year={2022},
  volume={},
  number={},
  pages={1-21},
  doi={10.1109/TNNLS.2021.3137396}
  }