@article{moradan2021ucode,
  title   = {UCoDe: Unified Community Detection with Graph Convolutional Networks},
  author  = {Moradan, Atefeh and Draganov, Andrew and Mottin, Davide and Assent, Ira},
  journal = {arXiv preprint arXiv:2112.14822},
  year    = {2021}
}
@inproceedings{zhang2020commdgi,
  title     = {CommDGI: community detection oriented deep graph infomax},
  author    = {Zhang, Tianqi and Xiong, Yun and Zhang, Jiawei and Zhang, Yao and Jiao, Yizhu and Zhu, Yangyong},
  booktitle = {Proceedings of the 29th ACM International Conference on Information \& Knowledge Management},
  pages     = {1843--1852},
  year      = {2020}
}
@article{wang2022deep,
  title     = {Deep neighbor-aware embedding for node clustering in attributed graphs},
  author    = {Wang, Chun and Pan, Shirui and Celina, P Yu and Hu, Ruiqi and Long, Guodong and Zhang, Chengqi},
  journal   = {Pattern Recognition},
  volume    = {122},
  pages     = {108230},
  year      = {2022},
  publisher = {Elsevier}
}
@article{moscato2019community,
  title     = {Community detection based on game theory},
  author    = {Moscato, Vincenzo and Picariello, Antonio and Sperli, Giancarlo},
  journal   = {Engineering Applications of Artificial Intelligence},
  volume    = {85},
  pages     = {773--782},
  year      = {2019},
  publisher = {Elsevier}
}
@article{zhou2020cooperative,
  title     = {A Cooperative Game Theory-Based Algorithm for Overlapping Community Detection},
  author    = {Zhou, Xu and Cheng, Shichao and Liu, Yanheng},
  journal   = {IEEE Access},
  volume    = {8},
  pages     = {68417--68425},
  year      = {2020},
  publisher = {IEEE}
}
@inproceedings{han2022geometric,
  title     = {Geometric Graph Representation Learning via Maximizing Rate Reduction},
  author    = {Han, Xiaotian and Jiang, Zhimeng and Liu, Ninghao and Song, Qingquan and Li, Jundong and Hu, Xia},
  booktitle = {Proceedings of the ACM Web Conference 2022},
  pages     = {1226--1237},
  year      = {2022}
}
@inproceedings{fettal2022efficient,
  title     = {Efficient Graph Convolution for Joint Node Representation Learning and Clustering},
  author    = {Fettal, Chakib and Labiod, Lazhar and Nadif, Mohamed},
  booktitle = {Proceedings of the Fifteenth ACM International Conference on Web Search and Data Mining},
  pages     = {289--297},
  year      = {2022}
}
@inproceedings{mavromatis2021graph,
  title        = {Graph infoclust: Maximizing coarse-grain mutual information in graphs},
  author       = {Mavromatis, Costas and Karypis, George},
  booktitle    = {Pacific-Asia Conference on Knowledge Discovery and Data Mining},
  pages        = {541--553},
  year         = {2021},
  organization = {Springer}
}
@inproceedings{wu2022clare,
  title     = {CLARE: A Semi-supervised Community Detection Algorithm},
  author    = {Wu, Xixi and Xiong, Yun and Zhang, Yao and Jiao, Yizhu and Shan, Caihua and Sun, Yiheng and Zhu, Yangyong and Yu, Philip S},
  booktitle = {Proceedings of the 28th ACM SIGKDD Conference on Knowledge Discovery and Data Mining},
  pages     = {2059--2069},
  year      = {2022}
}
@inproceedings{khan2021unsupervised,
  title        = {Unsupervised Learning of Joint Embeddings for Node Representation and Community Detection},
  author       = {Khan, Rayyan Ahmad and Anwaar, Muhammad Umer and Kaddah, Omran and Han, Zhiwei and Kleinsteuber, Martin},
  booktitle    = {Joint European Conference on Machine Learning and Knowledge Discovery in Databases},
  pages        = {19--35},
  year         = {2021},
  organization = {Springer}
}